2208 2960
575 129 697 209 Ad
737 126 1308 209 Nobilifﬁmum
1347 131 1617 207 Virum

713 317 770 376 D
836 314 897 374 O
961 314 1032 373 M
1089 313 1111 373 I
1172 311 1235 372 N
1300 311 1363 375 V
1431 311 1500 371 M

250 450 348 591 F
415 446 918 587 RAN
989 444 1957 589 CISCVM

376 676 1830 796 GODOLPHINVM,

496 894 854 995 Equitem
885 886 1205 968 Ordinis
1241 887 1724 964 Balneorum.

772 1087 948 1148 Ratri
974 1104 1080 1143 tuo
1103 1081 1330 1145 Sidneo
1353 1079 1759 1168 Godolphino
1795 1077 1963 1163 (No-

769 1167 1041 1237 bilifﬁme
1066 1172 1364 1258 Domiue)
1398 1190 1698 1259 quantum
1719 1167 1962 1257 plawe-

770 1265 891 1327 rim:
924 1260 1117 1325 {‘tudia
1156 1281 1326 1335 mea;
1373 1277 1675 1348 quantum
1717 1258 1813 1320 ille
1837 1267 1960 1324 Au-

770 1351 1066 1416 thoritate
1088 1349 1312 1437 Judicii
1343 1346 1422 1412 fui
1460 1348 1624 1438 apud
1659 1351 1813 1410 viros
1853 1348 1963 1411 bo-

770 1463 882 1506 nos
909 1464 1008 1504 me
1028 1443 1337 1506 ornaverit
1359 1471 1375 1515 ;
1412 1456 1646 1529 quanto
1669 1436 1963 1528 denique,

768 1529 1082 1596 durifﬁmis
1106 1528 1510 1621 temporibus,
1537 1527 1840 1593 beneﬁcio
1864 1552 1964 1591 me

245 1616 546 1707 adjuverit
569 1669 589 1698 ,
611 1615 731 1709 ipr
758 1619 935 1687 néﬁi.
985 1625 1445 1686 Commemoro
1472 1637 1676 1684 autem
1697 1668 1716 1697 ,
1745 1640 1872 1684 non
1897 1637 1965 1681 ut

245 1706 529 1773 favorem
555 1759 572 1788 ,
617 1712 967 1774 amicorum
999 1715 1289 1776 virtutem
1323 1708 1545 1773 faciam
1570 1730 1771 1772 mcam
1798 1759 1819 1787 ,
1864 1705 1965 1772 {ed

248 1799 388 1885 quia
410 1801 679 1859 virorum
704 1799 1159 1880 excellentium,
1184 1799 1376 1888 qualis
1398 1799 1495 1862 ille
1520 1817 1675 1882 crar,
1701 1798 1964 1864 dileétor

246 1884 627 1951 teﬂimoniis.
722 1887 1010 1953 Excelluit
1055 1892 1219 1954 enim
1263 1892 1356 1953 vir
1394 1887 1487 1951 ille
1526 1890 1749 1952 virtute
1790 1891 1966 1955 omni

248 1998 433 2066 quam
459 1974 739 2067 poﬂulat,
766 1999 870 2045 aut
890 1977 1084 2045 cultus
1109 1981 1363 2045 Divinus
1385 2029 1404 2060 ,
1426 1997 1529 2043 aut
1551 1977 1965 2044 commodum

248 2068 488 2150 Patriae,
512 2088 615 2133 aut
637 2072 903 2138 Societas
932 2069 1168 2152 Civilis,
1194 2088 1296 2137 aut
1316 2072 1605 2135 Amicitia
1627 2067 1965 2159 ﬁngularis;

248 2161 378 2309 fins
401 2181 545 2249 erga
563 2163 768 2227 Deum
786 2212 806 2242 ,
834 2159 1101 2226 eruditus
1125 2160 1202 2227 ad
1221 2164 1444 2226 Pacem
1468 2209 1488 2240 ,
1521 2158 1696 2223 fortis
1723 2159 1801 2225 ad
1824 2159 1964 2225 Bel-

276 2271 376 2311 um
400 2297 418 2327 ,
441 2252 502 2316 in
527 2250 936 2345 cougreiﬁbus
957 2251 1258 2340 jucuudus
1285 2302 1303 2332 ,
1329 2255 1392 2316 in
1415 2252 1712 2316 Amicitiis
1732 2248 1961 2331 ﬁrmus.

251 2341 524 2404 Honoris
545 2343 728 2430 igitur
753 2350 812 2407 &
833 2341 1216 2434 gratitudiuis
1238 2341 1410 2408 caufa
1451 2362 1598 2430 erga
1636 2340 1806 2404 illum
1832 2388 1852 2420 ,
1900 2346 1963 2401 8c

253 2427 599 2494 dcvotionis
623 2456 766 2523 erga
790 2430 1044 2524 teipfum
1060 2480 1076 2510 ,
1096 2434 1467 2498 Traétatum
1489 2428 1655 2495 hunc
1678 2431 1754 2492 dc
1777 2432 1961 2493 Pote-

253 2521 403 2587 ﬁate
424 2521 634 2604 Civili,
664 2530 722 2586 &
741 2521 1192 2605 Eccleﬁaﬂica‘,
1229 2521 1541 2589 humiliter
1564 2520 1675 2585 tibi
1698 2517 1915 2583 OHero
1937 2566 1957 2596 ,

253 2613 641 2699 Dedicoque.
686 2617 783 2680 De
801 2614 930 2700 illis,
952 2618 1054 2710 qui
1077 2617 1419 2699 Doétrinae,
1446 2634 1633 2705 quam
1658 2611 1960 2688 continet,

1066 2727 1099 2771 a
1119 2726 1153 2770 a
1176 2728 1210 2772 a
1273 2728 1308 2771 2,
1753 2694 1960 2764 fave’re
